<collection xmlns="http://www.loc.gov/MARC21/slim">
<record>
  <leader>03066nam0a2200541 i 450 </leader>
  <controlfield tag="001">IT\ICCU\CNCE\030030</controlfield>
  <controlfield tag="005">20200621000000.0</controlfield>
  <datafield tag="012" ind1=" " ind2=" ">
    <subfield code="a">3420 uoad ioas dipl (3) 1518 (R)</subfield>
    <subfield code="2">fei</subfield>
  </datafield>
  <datafield tag="100" ind1=" " ind2=" ">
    <subfield code="a">19971125d1518        0itac0103    ba</subfield>
  </datafield>
  <datafield tag="101" ind1=" " ind2=" ">
    <subfield code="a">LAT</subfield>
  </datafield>
  <datafield tag="102" ind1=" " ind2=" ">
    <subfield code="a">IT</subfield>
  </datafield>
  <datafield tag="200" ind1="1" ind2=" ">
    <subfield code="a">Terentius cum quinque commentis: videlicet Donati Guidonis Calphurnij Ascensij &amp; Seruij</subfield>
  </datafield>
  <datafield tag="210" ind1=" " ind2=" ">
    <subfield code="a">\Venezia</subfield>
    <subfield code="c">Giorgio Rusconi!</subfield>
    <subfield code="e">Impressum Venetiis</subfield>
    <subfield code="g">iussu &amp; impensis Georgii de Rusconibus</subfield>
    <subfield code="h">1518 die xx Martii</subfield>
  </datafield>
  <datafield tag="215" ind1=" " ind2=" ">
    <subfield code="a">CCXLI, \1! c.</subfield>
    <subfield code="c">ill.</subfield>
    <subfield code="d">fol</subfield>
  </datafield>
  <datafield tag="620" ind1=" " ind2=" ">
    <subfield code="a">IT</subfield>
    <subfield code="d">Venezia</subfield>
  </datafield>
  <datafield tag="700" ind1=" " ind2="1">
    <subfield code="a">Terentius Afer,</subfield>
    <subfield code="b">Publius</subfield>
    <subfield code="3">IT\ICCU\CNCA\003195</subfield>
  </datafield>
  <datafield tag="702" ind1=" " ind2="1">
    <subfield code="a">Calfurnio,</subfield>
    <subfield code="b">Giovanni</subfield>
    <subfield code="3">IT\ICCU\CNCA\009368</subfield>
  </datafield>
  <datafield tag="702" ind1=" " ind2="1">
    <subfield code="a">Jouennaux,</subfield>
    <subfield code="b">Guy</subfield>
    <subfield code="3">IT\ICCU\CNCA\013327</subfield>
  </datafield>
  <datafield tag="702" ind1=" " ind2="1">
    <subfield code="a">Donatus,</subfield>
    <subfield code="b">Aelius</subfield>
    <subfield code="3">IT\ICCU\CNCA\000324</subfield>
  </datafield>
  <datafield tag="702" ind1=" " ind2="1">
    <subfield code="a">Servius,</subfield>
    <subfield code="b">Maurus Honoratus</subfield>
    <subfield code="3">IT\ICCU\CNCA\000325</subfield>
  </datafield>
  <datafield tag="702" ind1=" " ind2="1">
    <subfield code="a">Bade,</subfield>
    <subfield code="b">Josse</subfield>
    <subfield code="3">IT\ICCU\CNCA\001185</subfield>
  </datafield>
  <datafield tag="712" ind1="0" ind2="0">
    <subfield code="a">Rusconi, Giorgio</subfield>
    <subfield code="3">IT\ICCU\CNCT\000072</subfield>
    <subfield code="4">650</subfield>
  </datafield>
  <datafield tag="790" ind1=" " ind2="0">
    <subfield code="a">Terenzio</subfield>
    <subfield code="3">IT\ICCU\CNCA\014983</subfield>
    <subfield code="z">Terentius Afer, Publius</subfield>
  </datafield>
  <datafield tag="790" ind1=" " ind2="1">
    <subfield code="a">Calphurnius,</subfield>
    <subfield code="b">Joannes</subfield>
    <subfield code="3">IT\ICCU\CNCA\027288</subfield>
    <subfield code="z">Calfurnio, Giovanni</subfield>
  </datafield>
  <datafield tag="790" ind1=" " ind2="1">
    <subfield code="a">Iuvenalis,</subfield>
    <subfield code="b">Guido</subfield>
    <subfield code="3">IT\ICCU\CNCA\017034</subfield>
    <subfield code="z">Jouennaux, Guy</subfield>
  </datafield>
  <datafield tag="790" ind1=" " ind2="1">
    <subfield code="a">Jouanneaux,</subfield>
    <subfield code="b">Guy</subfield>
    <subfield code="3">IT\ICCU\CNCA\019516</subfield>
    <subfield code="z">Jouennaux, Guy</subfield>
  </datafield>
  <datafield tag="790" ind1=" " ind2="1">
    <subfield code="a">Jouenneaux,</subfield>
    <subfield code="b">Guy</subfield>
    <subfield code="3">IT\ICCU\CNCA\019517</subfield>
    <subfield code="z">Jouennaux, Guy</subfield>
  </datafield>
  <datafield tag="790" ind1=" " ind2="0">
    <subfield code="a">Guido</subfield>
    <subfield code="c"> : a Iuvenale</subfield>
    <subfield code="3">IT\ICCU\CNCA\019519</subfield>
    <subfield code="z">Jouennaux, Guy</subfield>
  </datafield>
  <datafield tag="790" ind1=" " ind2="1">
    <subfield code="a">Dionisius,</subfield>
    <subfield code="b">Appollonius Donatus</subfield>
    <subfield code="3">IT\ICCU\CNCA\004906</subfield>
    <subfield code="z">Donatus, Aelius</subfield>
  </datafield>
  <datafield tag="790" ind1=" " ind2="0">
    <subfield code="a">Aelius</subfield>
    <subfield code="c"> : Donatus</subfield>
    <subfield code="3">IT\ICCU\CNCA\009367</subfield>
    <subfield code="z">Donatus, Aelius</subfield>
  </datafield>
  <datafield tag="790" ind1=" " ind2="1">
    <subfield code="a">Servius Honoratus,</subfield>
    <subfield code="b">Maurus</subfield>
    <subfield code="3">IT\ICCU\CNCA\015348</subfield>
    <subfield code="z">Servius, Maurus Honoratus</subfield>
  </datafield>
  <datafield tag="790" ind1=" " ind2="0">
    <subfield code="a">Servius</subfield>
    <subfield code="3">IT\ICCU\CNCA\020791</subfield>
    <subfield code="z">Servius, Maurus Honoratus</subfield>
  </datafield>
  <datafield tag="790" ind1=" " ind2="1">
    <subfield code="a">Servius,</subfield>
    <subfield code="b">Marius</subfield>
    <subfield code="3">IT\ICCU\CNCA\020792</subfield>
    <subfield code="z">Servius, Maurus Honoratus</subfield>
  </datafield>
  <datafield tag="790" ind1=" " ind2="0">
    <subfield code="a">Badius Ascensius Jodocus</subfield>
    <subfield code="3">IT\ICCU\CNCA\003294</subfield>
    <subfield code="z">Bade, Josse</subfield>
  </datafield>
  <datafield tag="790" ind1=" " ind2="0">
    <subfield code="a">Ascensius</subfield>
    <subfield code="3">IT\ICCU\CNCA\026332</subfield>
    <subfield code="z">Bade, Josse</subfield>
  </datafield>
  <datafield tag="791" ind1="0" ind2="0">
    <subfield code="a">Rusconibus, Georgius de</subfield>
    <subfield code="3">IT\ICCU\CNCT\005483</subfield>
    <subfield code="z">Rusconi, Giorgio</subfield>
  </datafield>
  <datafield tag="791" ind1="0" ind2="0">
    <subfield code="a">Rusco, Georgius</subfield>
    <subfield code="3">IT\ICCU\CNCT\005485</subfield>
    <subfield code="z">Rusconi, Giorgio</subfield>
  </datafield>
  <datafield tag="791" ind1="0" ind2="0">
    <subfield code="a">Ruschoni, Zorzi di</subfield>
    <subfield code="3">IT\ICCU\CNCT\005487</subfield>
    <subfield code="z">Rusconi, Giorgio</subfield>
  </datafield>
  <datafield tag="801" ind1=" " ind2="3">
    <subfield code="a">IT</subfield>
    <subfield code="b">ICCU</subfield>
    <subfield code="c">20201114</subfield>
  </datafield>
  <datafield tag="899" ind1=" " ind2=" ">
    <subfield code="a">Biblioteca del Clero di S. Alessandro in Colonna (depositata presso Bibl. mons. G.M. Radini Tedeschi). Bergamo</subfield>
    <subfield code="1">BG0043</subfield>
    <subfield code="2">LO1 56</subfield>
  </datafield>
  <datafield tag="899" ind1=" " ind2=" ">
    <subfield code="a">Biblioteca Diocesana Mons. Giuliano Agresti. Lucca</subfield>
    <subfield code="1">LU0023</subfield>
    <subfield code="2">PBE 86</subfield>
  </datafield>
  <datafield tag="899" ind1=" " ind2=" ">
    <subfield code="a">Biblioteca Roncioniana - Fondazione Eredit ̉Marco Roncioni (ONLUS). Prato</subfield>
    <subfield code="1">PO0005</subfield>
    <subfield code="2">RT1 EB</subfield>
  </datafield>
  <datafield tag="899" ind1=" " ind2=" ">
    <subfield code="a">Biblioteca Oliveriana. Pesaro</subfield>
    <subfield code="1">PU0061</subfield>
    <subfield code="2">URB OL</subfield>
  </datafield>
  <datafield tag="899" ind1=" " ind2=" ">
    <subfield code="a">Biblioteca dell&apos;Accademia nazionale dei Lincei e Corsiniana. Roma</subfield>
    <subfield code="1">RM0418</subfield>
    <subfield code="2">RML 10</subfield>
  </datafield>
  <datafield tag="911" ind1=" " ind2=" ">
    <subfield code="a">Sul front.</subfield>
    <subfield code="9">IT\ICCU\CNCM\000532</subfield>
  </datafield>
  <datafield tag="911" ind1=" " ind2=" ">
    <subfield code="a">In fine</subfield>
    <subfield code="9">IT\ICCU\CNCM\000444</subfield>
  </datafield>
  <datafield tag="921" ind1=" " ind2=" ">
    <subfield code="a">IT\ICCU\CNCM\000532</subfield>
    <subfield code="b">S. Giorgio uccide il drago; sullo sfondo donna in preghiera, castello con re e regina. Iniziali: FV.</subfield>
    <subfield code="c">K272</subfield>
    <subfield code="c">Z666</subfield>
    <subfield code="f">CASTELLO</subfield>
    <subfield code="f">DRAGO</subfield>
    <subfield code="f">FV</subfield>
    <subfield code="f">GIORGIO</subfield>
    <subfield code="f">RE</subfield>
    <subfield code="g">1508-1524</subfield>
  </datafield>
  <datafield tag="921" ind1=" " ind2=" ">
    <subfield code="a">IT\ICCU\CNCM\000444</subfield>
    <subfield code="b">Cerchio con croce doppia e iniziali G.R.M.</subfield>
    <subfield code="c">K270</subfield>
    <subfield code="c">Z269</subfield>
    <subfield code="f">CERCHIO</subfield>
    <subfield code="f">CROCE</subfield>
    <subfield code="f">GRM</subfield>
    <subfield code="g">1508-1522</subfield>
  </datafield>
</record>
</collection>
